@Manual{reglamento2017,
  Title                    = {Reglamento de propiedad intelectual},
  Author                   = {{Universidad EAFIT}},
  Year                     = {2017}
}

@article{Ischemia,
  author          = {Charisma DeSai and Angela Hays Shapshak},
  journal         = {StatPearls[Internet]},
  title           = {Cerebral Ischemia},
  year            = {2021},
  url             = {https://www.ncbi.nlm.nih.gov/books/NBK560510/}
}

@book{AnatoFisio,
    author         = {Arthur C Guyton},
    title          = {anatomía y fisiología del sistema nervioso},
    publisher      = {Panamericana},
    year           = {1997},
    pages          = {334-342}
}

@misc{burden,
   author       = {{American Heart Association}},
   title        = {2021 Heart Disease \& Stroke Statistical Update Fact Sheet Global Burden of Disease},
   url          = {https://professional.heart.org/-/media/phd-files-2/science-news/2/2021-heart-and-stroke-stat-update/2021_stat_update_factsheet_global_burden_of_disease.pdf?la=en},
   year         = {2021}
 }

@misc{johns_hopkins_medicine, 
  Title               = {Types of Stroke}, 
  Author              = {{Johns Hopkins Medicine}},
  Year                = {2021},
  url          = {https://www.hopkinsmedicine.org/health/conditions-and-diseases/stroke/types-of-stroke}, 
  journal             = {Johns Hopkins Medicine}
} 

@article{hesthaven2018non,
  title={Non-intrusive reduced order modeling of nonlinear problems using neural networks},
  author={Hesthaven, Jan S and Ubbiali, Stefano},
  journal={Journal of Computational Physics},
  volume={363},
  pages={55--78},
  year={2018},
  publisher={Elsevier}
}

@conference{PINNQuarteroni,
  author          = {Alfio Quarteroni},
  title           = {Physics-Based and Data-Driven-Based Algorithms for the Simulation of the Heart Function},
  year            = {2023},
  month           = {6},
  location        = {Politecnico di Milano}
}

@article{kutyniok2022theoretical,
  title={A theoretical analysis of deep neural networks and parametric PDEs},
  author={Kutyniok, Gitta and Petersen, Philipp and Raslan, Mones and Schneider, Reinhold},
  journal={Constructive Approximation},
  volume={55},
  number={1},
  pages={73--125},
  year={2022},
  publisher={Springer}
}

@article{meng2020composite,
  title={A composite neural network that learns from multi-fidelity data: Application to function approximation and inverse PDE problems},
  author={Meng, Xuhui and Karniadakis, George Em},
  journal={Journal of Computational Physics},
  volume={401},
  pages={109020},
  year={2020},
  publisher={Elsevier}
}

@article{raissi2019physics,
  title={Physics-informed neural networks: A deep learning framework for solving forward and inverse problems involving nonlinear partial differential equations},
  author={Raissi, Maziar and Perdikaris, Paris and Karniadakis, George E},
  journal={Journal of Computational physics},
  volume={378},
  pages={686--707},
  year={2019},
  publisher={Elsevier}
}

@article{gunzburger2007reduced,
  title={Reduced-order modeling of time-dependent PDEs with multiple parameters in the boundary data},
  author={Gunzburger, Max D and Peterson, Janet S and Shadid, John N},
  journal={Computer methods in applied mechanics and engineering},
  volume={196},
  number={4-6},
  pages={1030--1047},
  year={2007},
  publisher={Elsevier}
}

@article{fresca2021comprehensive,
  title={A comprehensive deep learning-based approach to reduced order modeling of nonlinear time-dependent parametrized PDEs},
  author={Fresca, Stefania and Dede’, Luca and Manzoni, Andrea},
  journal={Journal of Scientific Computing},
  volume={87},
  pages={1--36},
  year={2021},
  publisher={Springer}
}

@article{zhao2023reduced,
  title={A reduced Galerkin finite element formulation based on proper orthogonal decomposition for the generalized KDV-RLW-Rosenau equation},
  author={Zhao, Wenju and Piao, Guang-Ri},
  journal={Journal of Inequalities and Applications},
  volume={2023},
  number={1},
  pages={1--22},
  year={2023},
  publisher={SpringerOpen}
}

@article{lu2023convolution,
  title={Convolution Hierarchical Deep-learning Neural Networks (C-HiDeNN): finite elements, isogeometric analysis, tensor decomposition, and beyond},
  author={Lu, Ye and Li, Hengyang and Zhang, Lei and Park, Chanwook and Mojumder, Satyajit and Knapik, Stefan and Sang, Zhongsheng and Tang, Shaoqiang and Apley, Daniel W and Wagner, Gregory J and others},
  journal={Computational Mechanics},
  pages={1--30},
  year={2023},
  publisher={Springer}
}

@article{lino2023current,
  title={Current and emerging deep-learning methods for the simulation of fluid dynamics},
  author={Lino, Mario and Fotiadis, Stathi and Bharath, Anil A and Cantwell, Chris D},
  journal={Proceedings of the Royal Society A},
  volume={479},
  number={2275},
  pages={20230058},
  year={2023},
  publisher={The Royal Society}
}

@article{xiao2023physics,
  title={Physics-informed neural networks for the Reynolds-Averaged Navier--Stokes modeling of Rayleigh--Taylor turbulent mixing},
  author={Xiao, Meng-Juan and Yu, Teng-Chao and Zhang, You-Sheng and Yong, Heng},
  journal={Computers \& Fluids},
  pages={106025},
  year={2023},
  publisher={Elsevier}
}

@article{lin2023dynamic,
  title={A Dynamic Mode Decomposition Based Reduced-Order Model For Parameterized Time-Dependent Partial Differential Equations},
  author={Lin, Yifan and Gao, Zhen and Chen, Yuanhong and Sun, Xiang},
  journal={Journal of Scientific Computing},
  volume={95},
  number={3},
  pages={70},
  year={2023},
  publisher={Springer}
}

@article{pichi2023graph,
  title={A graph convolutional autoencoder approach to model order reduction for parametrized PDEs},
  author={Pichi, Federico and Moya, Beatriz and Hesthaven, Jan S},
  journal={arXiv preprint arXiv:2305.08573},
  year={2023}
}

@article{moschou2023physics,
  title={Physics-Informed Neural Networks for modeling astrophysical shocks},
  author={Moschou, Sofia P and Hicks, Elliot and Parekh, Rishi and Mathew, Dhruv and Majumdar, Shoumik and Vlahakis, Nektarios},
  journal={Machine Learning: Science and Technology},
  year={2023}
}

@book{farlow1993partial,
  title={Partial differential equations for scientists and engineers},
  author={Farlow, Stanley J},
  year={1993},
  publisher={Courier Corporation}
}

@book{logan2014applied,
  title={Applied partial differential equations},
  author={Logan, J David},
  year={2014},
  publisher={Springer}
}

@book{strauss2007partial,
  title={Partial differential equations: An introduction},
  author={Strauss, Walter A},
  year={2007},
  publisher={John Wiley \& Sons}
}

@book{quarteroni2009numerical,
  title={Numerical models for differential problems},
  author={Quarteroni, Alfio and Quarteroni, Silvia},
  volume={2},
  year={2009},
  publisher={Springer}
}

@misc{AutoDesk,
  author       = {{AutoDesk}},
  title        = {Finite Element vs Finite Volume},
  howpublished = "\url{https://knowledge.autodesk.com/support/cfd/learn-explore/caas/CloudHelp/cloudhelp/2014/ENU/SimCFD/files/GUID-12A9AED8-2047-4D3A-BC80-82BE9CF47517-htm.html}",
  year         = {2019},
  month        = {12}
}

@article{volumes,
  author          = {Robert Eymard and Raphaèle Herbin and Thierry Gallouët},
  title           = {Finite volume methods},
  journal         = {Handbook of Numerical Analysis},
  volume          = {7},
  pages           = {713-1020},
  year            = {2002}
}

@book{element,
  author         = {Olgierd Cecil Zienkiewicz and Robert L Taylor and Perumal Nithiarasu},
  title          = {The finite element method for fluid dynamics},
  publisher      = {Butterworth-Heinemann},
  year           = {2005}
}

@book{benner2017model,
  title={Model reduction and approximation: theory and algorithms},
  author={Benner, Peter and Ohlberger, Mario and Cohen, Albert and Willcox, Karen},
  year={2017},
  publisher={SIAM}
}

@book{quarteroni2015reduced,
  title={Reduced basis methods for partial differential equations: an introduction},
  author={Quarteroni, Alfio and Manzoni, Andrea and Negri, Federico},
  volume={92},
  year={2015},
  publisher={Springer}
}

@article{rozza2008reduced,
  title={Reduced basis approximation and a posteriori error estimation for affinely parametrized elliptic coercive partial differential equations: application to transport and continuum mechanics},
  author={Rozza, Gianluigi and Huynh, Dinh Bao Phuong and Patera, Anthony T},
  journal={Archives of Computational Methods in Engineering},
  volume={15},
  number={3},
  pages={229--275},
  year={2008},
  publisher={Springer}
}

@article{patera1984spectral,
  title={A spectral element method for fluid dynamics: laminar flow in a channel expansion},
  author={Patera, Anthony T},
  journal={Journal of computational Physics},
  volume={54},
  number={3},
  pages={468--488},
  year={1984},
  publisher={Elsevier}
}